@misc {Dota2OfficialSite,
title = {Dota2 Sito Ufficiale},
howpublished = "\url{https://www.dota2.com}",
}

@misc {WinRateDota2,
title = {Radiant side has a massive advantage in the current Dota 2 meta},
howpublished = "\url{https://win.gg/news/radiant-side-has-a-massive-advantage-in-the-current-dota-2-meta/}",
}

@misc {WinRateLol,
title = {LoL: How Much Does Side Selection Matter, Really?},
howpublished = "\url{https://www.itero.gg/articles/side-selection}",
}